<record><leader>00000cas a22000007a 4500</leader><controlfield tag="001">18422207</controlfield><controlfield tag="008">880829d19091979laudn ne      0    0eng d</controlfield><datafield ind1=" " ind2=" " tag="010"><subfield code="a">sn 88064610 </subfield></datafield><datafield ind1=" " ind2=" " tag="040"><subfield code="a">LNP</subfield><subfield code="b">eng</subfield><subfield code="c">LNP</subfield><subfield code="d">OCLCQ</subfield><subfield code="d">OCLCF</subfield><subfield code="d">OCLCO</subfield><subfield code="d">OCLCA</subfield></datafield><datafield ind1="1" ind2=" " tag="029"><subfield code="a">AU@</subfield><subfield code="b">000020516329</subfield></datafield><datafield ind1=" " ind2=" " tag="042"><subfield code="a">msc</subfield></datafield><datafield ind1=" " ind2=" " tag="043"><subfield code="a">n-us-la</subfield></datafield><datafield ind1="0" ind2="4" tag="245"><subfield code="a">The Monroe news-star.</subfield></datafield><datafield ind1=" " ind2=" " tag="260"><subfield code="a">Monroe, La. :</subfield><subfield code="b">News-Star Pub. Co.</subfield></datafield><datafield ind1=" " ind2=" " tag="300"><subfield code="a">v.</subfield></datafield><datafield ind1=" " ind2=" " tag="310"><subfield code="a">Daily (except Sat. &amp; Sun.),</subfield><subfield code="b">1933-</subfield></datafield><datafield ind1=" " ind2=" " tag="321"><subfield code="a">Daily (except Sun.),</subfield><subfield code="b">1909-1932</subfield></datafield><datafield ind1="0" ind2=" " tag="362"><subfield code="a">Vol. 18, no. 126 (June 1, 1909)-v. 69, no. 155 (Feb. 9, 1979).</subfield></datafield><datafield ind1=" " ind2=" " tag="500"><subfield code="a">The Monroe morning world published its Sunday issues as: Monroe morning world and news-star, Nov. 2, 1930-July 25, 1937.</subfield></datafield><datafield ind1=" " ind2="0" tag="651"><subfield code="a">Monroe (La.)</subfield><subfield code="v">Newspapers.</subfield></datafield><datafield ind1=" " ind2="7" tag="655"><subfield code="a">Newspapers.</subfield><subfield code="2">fast</subfield><subfield code="0">(OCoLC)fst01423814</subfield></datafield><datafield ind1=" " ind2="7" tag="651"><subfield code="a">Louisiana</subfield><subfield code="z">Monroe.</subfield><subfield code="2">fast</subfield><subfield code="0">(OCoLC)fst01215407</subfield></datafield><datafield ind1=" " ind2=" " tag="752"><subfield code="a">United States</subfield><subfield code="b">Louisiana</subfield><subfield code="c">Ouachita</subfield><subfield code="d">Monroe.</subfield></datafield><datafield ind1="0" ind2="4" tag="780"><subfield code="t">Monroe news (Monroe, La.)</subfield><subfield code="w">(OCoLC)45696188</subfield></datafield><datafield ind1="0" ind2="4" tag="780"><subfield code="t">Monroe daily star</subfield><subfield code="w">(DLC)sn 88064693</subfield></datafield><datafield ind1="0" ind2="0" tag="785"><subfield code="t">News-star (Monroe, La. : 1979)</subfield><subfield code="w">(DLC)sn 88064611</subfield></datafield></record>